@article{swarm,
  title={複数の移動ロボットによる協調行動と群知能},
  author={淺間 一},
  journal={計測と制御},
  volume={31},
  number={11},
  pages={1155-1161},
  year={1992},
  doi={10.11499/sicejl1962.31.1155}
}

@article{swarmBehaviour,
  title={群行動の理解と群ロボット研究},
  author={松野 文俊},
  journal={日本ロボット学会誌},
  volume={35},
  number={6},
  pages={428--431},
  year={2017},
  publisher={一般社団法人 日本ロボット学会}
}

@ARTICLE{cooperativeTransport,
    AUTHOR={Tuci, Elio and Alkilabi, Muhanad H. M. and Akanyeti, Otar},   
    TITLE={Cooperative Object Transport in Multi-Robot Systems: A Review of the State-of-the-Art},      
    JOURNAL={Frontiers in Robotics and AI},      
    VOLUME={5},      
    number={59},     
    YEAR={2018},      
    URL={https://www.frontiersin.org/article/10.3389/frobt.2018.00059},       
    DOI={10.3389/frobt.2018.00059},      
    ISSN={2296-9144},
}

@article{motionPlanning,
  title={移動ロボット群による大型物体搬送計画(機械力学,計測,自動制御)},
  author={{山下 淳} and {福地 正樹} and {太田 順} and {新井 民夫} and {淺間 一}},
  journal={日本機械学会論文集 C編},
  volume={68},
  number={665},
  pages={165-172},
  year={2002},
  doi={10.1299/kikaic.68.165}
}

@ARTICLE{mrs,
  author={T. {Arai} and E. {Pagello} and L. E. {Parker}},
  journal={IEEE Transactions on Robotics and Automation}, 
  title={Guest editorial advances in multirobot systems}, 
  year={2002},
  volume={18},
  number={5},
  pages={655-661},
  doi={10.1109/TRA.2002.806024}}


@INPROCEEDINGS{swarmBot,
  author={M. {Dorigo}},
  booktitle={Proceedings 2005 IEEE Swarm Intelligence Symposium, 2005. SIS 2005.}, 
  title={SWARM-BOT: an experiment in swarm robotics}, 
  year={2005},
  volume={},
  number={},
  pages={192-200},
  doi={10.1109/SIS.2005.1501622}
 }
  
@article{multiRobotCoodination,
    author = {Zhi Yan and Nicolas Jouandeau and Arab Ali Cherif},
    title ={A Survey and Analysis of Multi-Robot Coordination},
    journal = {International Journal of Advanced Robotic Systems},
    volume = {10},
    number = {12},
    pages = {399},
    year = {2013},
    doi = {10.5772/57313}
}

@article{monitoring,
  title={ヒューマン・インタフェースのための通信による群ロボットのモニタリング手法 (＜小特集＞ロボットの知能化)},
  author={{鈴木 剛} and {横田 和隆} and {浅間 一} and {嘉悦 早人} and {遠藤 勲}},
  journal={日本機械学会論文集 C編},
  volume={62},
  number={602},
  pages={3759-3765},
  year={1996},
  doi={10.1299/kikaic.62.3759}
}

@article{sensing,
  title={親子型移動群ロボットの協調行動に関する研究 : 第1報,協調センシングアルゴリズムと障害物回避行動への応用},
  author={{柴田 崇徳} and {大川 一也} and {谷江 和雄} and {川崎 寛司}},
  journal={日本機械学会論文集 C編},
  volume={60},
  number={570},
  pages={605-611},
  year={1994},
  doi={10.1299/kikaic.60.605}
}

@article{push-only1,
author = {Kube, C. and Zhang, Hong},
year = {1994},
month = {07},
pages = {},
title = {Collective Robotics: From Social Insects to Robots},
volume = {2},
journal = {Adaptive Behavior},
doi = {10.1177/105971239300200204}
}

@INPROCEEDINGS{push-only2,
  author={M. J. {Mataric} and M. {Nilsson} and K. T. {Simsarin}},
  booktitle={Proceedings 1995 IEEE/RSJ International Conference on Intelligent Robots and Systems. Human Robot Interaction and Cooperative Robots}, 
  title={Cooperative multi-robot box-pushing}, 
  year={1995},
  volume={3},
  number={},
  pages={556-561},
  doi={10.1109/IROS.1995.525940}}
  
 @ARTICLE{push-only3,
  author={J. {Chen} and M. {Gauci} and W. {Li} and A. {Kolling} and R. {Groß}},
  journal={IEEE Transactions on Robotics}, 
  title={Occlusion-Based Cooperative Transport with a Swarm of Miniature Mobile Robots}, 
  year={2015},
  volume={31},
  number={2},
  pages={307-321},
  doi={10.1109/TRO.2015.2400731}}
  
@INPROCEEDINGS{grasp1,  
 author={J. {Sasaki} and J. {Ota} and E. {Yoshida} and D. {Kurabayashi} and T. {Arai}}, booktitle={Proceedings of 1995 IEEE International Conference on Robotics and Automation},
 title={Cooperating grasping of a large object by multiple mobile robots},   year={1995},
 volume={1},
 number={},
 pages={1205-1210},
 doi={10.1109/ROBOT.1995.525444}}
 
@INPROCEEDINGS{grasp2,
  author={K. {Kosuge} and T. {Oosumi}},
  booktitle={Proceedings of IEEE/RSJ International Conference on Intelligent Robots and Systems. IROS '96}, 
  title={Decentralized control of multiple robots handling an object}, 
  year={1996},
  volume={1},
  number={},
  pages={318-323},
  doi={10.1109/IROS.1996.570694}}
  
@INPROCEEDINGS{grasp3,
  author={Z. {Wang} and M. {Schwager}},
  booktitle={2016 IEEE International Conference on Robotics and Automation (ICRA)}, 
  title={Kinematic multi-robot manipulation with no communication using force feedback}, 
  year={2016},
  volume={},
  number={},
  pages={427-432},
  doi={10.1109/ICRA.2016.7487163}}
  
@INPROCEEDINGS{caging1,
  author={ {Zhi-Dong Wang} and Y. {Takano} and Y. {Hirata} and K. {Kosuge}},
  booktitle={2004 IEEE/RSJ International Conference on Intelligent Robots and Systems (IROS) (IEEE Cat. No.04CH37566)}, 
  title={A pushing leader based decentralized control method for cooperative object transportation}, 
  year={2004},
  volume={1},
  number={},
  pages={1035-1040},
  doi={10.1109/IROS.2004.1389489}}
  
@INPROCEEDINGS{caging2,
  author={J. {Spletzer} and A. K. {Das} and R. {Fierro} and C. J. {Taylor} and V. {Kumar} and J. P. {Ostrowski}},
  booktitle={Proceedings 2001 IEEE/RSJ International Conference on Intelligent Robots and Systems. Expanding the Societal Role of Robotics in the the Next Millennium (Cat. No.01CH37180)}, 
  title={Cooperative localization and control for multi-robot manipulation}, 
  year={2001},
  volume={2},
  number={},
  pages={631-636},
  doi={10.1109/IROS.2001.976240}}
  
@article{caging3,
author = {Guilherme A. S. Pereira and Mario F. M. Campos and Vijay Kumar},
title ={Decentralized Algorithms for Multi-Robot Manipulation via Caging},
journal = {The International Journal of Robotics Research},
volume = {23},
number = {7-8},
pages = {783-795},
year = {2004},
doi = {10.1177/0278364904045477}}
 
@article{swarmbots,
  title={The cooperation of swarm-bots: Physical interactions in collective robotics},
  author={Mondada, Francesco and Gambardella, Luca Maria and Floreano, Dario and Nolfi, Stefano and Deneuborg, J-L and Dorigo, Marco},
  journal={IEEE Robotics \& Automation Magazine},
  volume={12},
  number={2},
  pages={21--28},
  year={2005},
  publisher={IEEE}
}

@article{argos,
  author={{藤澤 隆介} and {今村 光} and {松野 文俊}},
  title={フェロモン・コミュニケーションによるロボット群の協調運搬 (数理モデル化と応用 Vol.4 No.4)},
  journal={情報処理学会研究報告},
  publisher={一般社団法人 情報処理学会},
  volume={4},
  number={4},
  pages={1--6},
  year={2011},
}

@article{epuck,
author = {Gonçalves, Paulo and Torres, Paulo and Alves, Carlos and Mondada, Francesco and Bonani, Michael and Raemy, Xavier and Pugh, James and Cianci, Christopher and Klaptocz, Adam and Magnenat, Stephane and Zufferey, Jean-Christophe and Floreano, Dario and Martinoli, A.},
year = {2009},
month = {01},
pages = {},
title = {The e-puck, a Robot Designed for Education in Engineering},
volume = {1},
journal = {Proceedings of the 9th Conference on Autonomous Robot Systems and Competitions}
}